<?xml version="1.0" encoding="UTF-8"?><collection xmlns="http://www.loc.gov/MARC21/slim"><record><leader>00413nam--2200133-i-4500</leader><controlfield tag="001">000017056</controlfield><controlfield tag="002">20161230</controlfield><controlfield tag="005">20161230201032</controlfield><controlfield tag="008">060222s1000------------r-----000-0-eng-d</controlfield><datafield ind1=" " ind2=" " tag="080"><subfield code="a">577.355(043)</subfield></datafield><datafield ind1=" " ind2=" " tag="100"><subfield code="a">Bernarding, Johannes</subfield></datafield><datafield ind1=" " ind2=" " tag="245"><subfield code="a">Fluoreszenz und uv-spektroskopische untersuchu ngen mit ps-zeitauflosung am system ii der pho tosynthese. these</subfield></datafield><datafield ind1=" " ind2=" " tag="260"><subfield code="a">Berlin, Universitat, 1991 161 P</subfield></datafield><datafield ind1=" " ind2=" " tag="852"><subfield code="a">79852</subfield></datafield></record></collection>